<?xml version="1.0" encoding="UTF-8"?><collection xmlns="http://www.loc.gov/MARC21/slim"><record><leader>00332nam--2200133-i-4500</leader><controlfield tag="001">000006399</controlfield><controlfield tag="002">20161230</controlfield><controlfield tag="005">20161230201026</controlfield><controlfield tag="008">060222s1000------------r-----000-0-eng-d</controlfield><datafield ind1=" " ind2=" " tag="080"><subfield code="a">543.53</subfield></datafield><datafield ind1=" " ind2=" " tag="100"><subfield code="a">Bowen H.J.M., Gibbons D</subfield></datafield><datafield ind1=" " ind2=" " tag="245"><subfield code="a">Radiuoactivation analysis</subfield></datafield><datafield ind1=" " ind2=" " tag="260"><subfield code="a">Oxford, The Clarendon Press, 1963 295 P</subfield></datafield><datafield ind1=" " ind2=" " tag="852"><subfield code="a">18906</subfield></datafield></record></collection>